<record xmlns:xsi="http://www.w3.org/2001/XMLSchema-instance" xmlns="http://www.loc.gov/MARC21/slim" xsi:schemaLocation="http://www.loc.gov/MARC21/slim http://www.loc.gov/standards/marcxml/schema/MARC21slim.xsd">

  <leader>00822nam a22002297a 4500</leader>
  <controlfield tag="008">160707b2011    mx ||||| |||| 00| | spa d</controlfield>
  <datafield ind1=" " ind2=" " tag="020">
    <subfield code="a">9786074815719</subfield>
  </datafield>
  <datafield ind2=" " ind1=" " tag="090">
    <subfield code="a">06.01.01  </subfield>
    <subfield code="b">2229</subfield>
  </datafield>
  <datafield tag="100" ind2=" " ind1="1">
    <subfield code="9">1883</subfield>
    <subfield code="a">Tuckman, Bruce W.</subfield>
  </datafield>
  <datafield tag="245" ind1="1" ind2="0">
    <subfield code="a">Psicología educativa / </subfield>
    <subfield code="c">Bruce W. Tuckman, David M. Monetti, traducción Ivonne Arciniega Torres, Martha Baranda Torres</subfield>
  </datafield>
  <datafield ind2=" " ind1=" " tag="260">
    <subfield code="a">México : </subfield>
    <subfield code="b">Cengage Learning Editores, </subfield>
    <subfield code="c">2011</subfield>
  </datafield>
  <datafield ind1=" " ind2=" " tag="300">
    <subfield code="a">xxxiii; 652 páginas</subfield>
  </datafield>
  <datafield tag="650" ind2="4" ind1="1">
    <subfield code="9">625</subfield>
    <subfield code="a">PSICOLOGÍA DE LA EDUCACIÓN</subfield>
  </datafield>
  <datafield tag="650" ind1="1" ind2="4">
    <subfield code="9">889</subfield>
    <subfield code="a">LENGUAJE </subfield>
  </datafield>
  <datafield tag="650" ind1="1" ind2="4">
    <subfield code="9">829</subfield>
    <subfield code="a">DIVERSIDAD CULTURAL</subfield>
  </datafield>
  <datafield tag="650" ind2="4" ind1="1">
    <subfield code="9">387</subfield>
    <subfield code="a">APRENDIZAJE </subfield>
  </datafield>
  <datafield ind2="4" ind1="1" tag="650">
    <subfield code="9">692</subfield>
    <subfield code="a">SOLUCIÓN DE CONFLICTOS</subfield>
  </datafield>
  <datafield tag="650" ind1="1" ind2="4">
    <subfield code="9">287</subfield>
    <subfield code="a">EVALUACIÓN </subfield>
  </datafield>
  <datafield tag="700" ind1="1" ind2=" ">
    <subfield code="9">1885</subfield>
    <subfield code="a">Arciniega Torres, Ivonne </subfield>
    <subfield code="e">traductor/a</subfield>
  </datafield>
  <datafield ind1="1" ind2=" " tag="700">
    <subfield code="9">1886</subfield>
    <subfield code="a">Baranda Torres, Martha </subfield>
    <subfield code="e">traductor/a</subfield>
  </datafield>
  <datafield tag="942" ind2=" " ind1=" ">
    <subfield code="2">z</subfield>
    <subfield code="c">01</subfield>
  </datafield>
  <datafield ind2=" " ind1=" " tag="999">
    <subfield code="c">3272</subfield>
    <subfield code="d">3272</subfield>
  </datafield>
</record>